<?xml version="1.0" encoding="utf-8"?>
<record xmlns="http://www.loc.gov/MARC21/slim" xmlns:xsi="http://www.w3.org/2001/XMLSchema-instance" xsi:schemaLocation="http://www.loc.gov/MARC21/slim http://www.loc.gov/standards/marcxml/schema/MARC21slim.xsd">
	<leader>     nam a22     Mi 4500</leader>
	<controlfield tag="001">b12193008</controlfield>
	<controlfield tag="003">UaCaAUL</controlfield>
	<controlfield tag="006">m        d        </controlfield>
	<controlfield tag="007">cr cn |||m|||a</controlfield>
	<controlfield tag="008">191028s1922    ua      ob    000 0 arar </controlfield>
	<datafield ind1=" " ind2=" " tag="040">
		<subfield code="a">ZYU</subfield>
		<subfield code="b">ara</subfield>
		<subfield code="e">rda</subfield>
		<subfield code="c">ZYU</subfield>
	</datafield>
	<datafield ind1="0" ind2="0" tag="050">
		<subfield code="a">PJ6171</subfield>
		<subfield code="b">.A4</subfield>
	</datafield>
	<datafield ind1="1" ind2=" " tag="100">
		<subfield code="6">880-01</subfield>
		<subfield code="a">Ālūsī, Maḥmūd Shukrī,</subfield>
		<subfield code="d">1857-1924.</subfield>
	</datafield>
	<datafield ind1="1" ind2="3" tag="245">
		<subfield code="6">880-02</subfield>
		<subfield code="a">al-Ḍarāʼir wa-mā yasūghu lil-shāʻir dūna al-nāthir /</subfield>
		<subfield code="c">taʼlīf al-imām al-muṣliḥ al-kabīr al-sayyid Maḥmūd Shukrī al-Ālūsī al-Baghdādī al-shahīr ; Sharaḥahu Muḥammad Bahjat al-Atharī al-Baghdādī.</subfield>
	</datafield>
	<datafield ind1=" " ind2="1" tag="264">
		<subfield code="6">880-03</subfield>
		<subfield code="a">al-Qāhirah, Miṣr :</subfield>
		<subfield code="b">al-Maṭbaʻah al-Salafīyah bi-Miṣr li-ṣāḥibihā Muḥibb al-Dīn al-Khaṭīb wa-ʻAbd al-Fattāḥ Fatlān,</subfield>
		<subfield code="c">1341 [1922]</subfield>
	</datafield>
	<datafield ind1=" " ind2=" " tag="300">
		<subfield code="a">online resource (346 pages)</subfield>
	</datafield>
	<datafield ind1=" " ind2=" " tag="336">
		<subfield code="a">text</subfield>
		<subfield code="2">rdacontent</subfield>
	</datafield>
	<datafield ind1=" " ind2=" " tag="337">
		<subfield code="a">computer</subfield>
		<subfield code="2">rdamedia</subfield>
	</datafield>
	<datafield ind1=" " ind2=" " tag="338">
		<subfield code="a">online resource</subfield>
		<subfield code="2">rdacarrier</subfield>
	</datafield>
	<datafield ind1=" " ind2=" " tag="500">
		<subfield code="a">Includes errata pages.</subfield>
	</datafield>
	<datafield ind1=" " ind2=" " tag="500">
		<subfield code="6">880-04</subfield>
		<subfield code="a">Ḥuqūq iʻādat al-ṭabʻ maḥfūẓah lil-shāriḥ.</subfield>
	</datafield>
	<datafield ind1=" " ind2=" " tag="500">
		<subfield code="6">880-05</subfield>
		<subfield code="a">Ṭubiʻa ʻalá nafaqat al-Maktabah al-ʻArabīyah bi-Baghdād li-ṣāḥibihā Nuʻmān al-Aʻẓamī.</subfield>
	</datafield>
	<datafield ind1=" " ind2=" " tag="500">
		<subfield code="6">880-06</subfield>
		<subfield code="a">Colophon dated: Rabīʻ al-Awwal min sanat arbaʻīn wa-thulthumāʼah wa-alf min al-Hijrah.</subfield>
	</datafield>
	<datafield ind1=" " ind2=" " tag="500">
		<subfield code="a">Part of the Arabic Collections Online (ACO) project, contributed by American University in Cairo Library.</subfield>
	</datafield>
	<datafield ind1=" " ind2=" " tag="504">
		<subfield code="a">Includes bibliographical references.</subfield>
	</datafield>
	<datafield ind1=" " ind2=" " tag="533">
		<subfield code="a">Electronic reproduction.</subfield>
		<subfield code="b">New York, N.Y. :</subfield>
		<subfield code="c">New York University,</subfield>
		<subfield code="d">2019.</subfield>
		<subfield code="5">NNU</subfield>
	</datafield>
	<datafield ind1=" " ind2="0" tag="650">
		<subfield code="a">Arabic language</subfield>
		<subfield code="x">Versification.</subfield>
	</datafield>
	<datafield ind1=" " ind2="7" tag="650">
		<subfield code="a">Arabic language</subfield>
		<subfield code="x">Versification.</subfield>
		<subfield code="2">fast</subfield>
		<subfield code="0">(OCoLC)fst00812458</subfield>
	</datafield>
	<datafield ind1="1" ind2=" " tag="700">
		<subfield code="6">880-07</subfield>
		<subfield code="a">Atharī, Muḥammad Bahjat.</subfield>
	</datafield>
	<datafield ind1="2" ind2=" " tag="710">
		<subfield code="a">American University in Cairo.</subfield>
		<subfield code="b">Library.</subfield>
	</datafield>
	<datafield ind1="0" ind2=" " tag="730">
		<subfield code="a">Arabic Collections Online.</subfield>
	</datafield>
	<datafield ind1="0" ind2="8" tag="776">
		<subfield code="i">Online version:</subfield>
		<subfield code="a">Ālūsī, Maḥmūd Shukrī, 1857-1924.</subfield>
		<subfield code="t">Ạrāʼir wa-mā yasūghu lil-shāʻir dūna al-nāthir.</subfield>
		<subfield code="d">al-Qāhirah, al-Maṭbaʻah al-Salafīyah, 1341 [1922/23]</subfield>
		<subfield code="w">(OCoLC)586077483</subfield>
	</datafield>
	<datafield ind1="0" ind2="8" tag="776">
		<subfield code="i">Print version:</subfield>
		<subfield code="a">Ālūsī, Maḥmūd Shukrī, 1857-1924.</subfield>
		<subfield code="t">al-Ḍarāʼir wa-mā yasūghu lil-shāʻir dūna al-nāthir</subfield>
		<subfield code="w">(UaCaAUL)b12193008</subfield>
		<subfield code="w">(DLC)  58042936 </subfield>
		<subfield code="w">(OCoLC)22354936</subfield>
	</datafield>
	<datafield ind1="4" ind2="0" tag="856">
		<subfield code="u">http://hdl.handle.net/2333.1/rfj6qf4d</subfield>
	</datafield>
	<datafield ind1="1" ind2=" " tag="880">
		<subfield code="6">100-01</subfield>
		<subfield code="a">آلوسي، محمود شكري،</subfield>
		<subfield code="d">1857-1924.</subfield>
	</datafield>
	<datafield ind1="1" ind2="2" tag="880">
		<subfield code="6">245-02</subfield>
		<subfield code="a">الضرائر وما يسوغ للشاعر دون الناثر /</subfield>
		<subfield code="c">تأليف الامام المصلحه الكبير السيد محمود شكري الآلوسي البغدادي الشهير ؛ شرحه محمد بهجة الاثري البغدادي.</subfield>
	</datafield>
	<datafield ind1=" " ind2="1" tag="880">
		<subfield code="6">264-03</subfield>
		<subfield code="a">القاهرة، مصر :</subfield>
		<subfield code="b">المطبعة السلفية بمصر لصاحبها محب الدين الخطيب وعبد الفتاح فتلان،</subfield>
		<subfield code="c">1341 [1922]</subfield>
	</datafield>
	<datafield ind1=" " ind2=" " tag="880">
		<subfield code="6">500-04</subfield>
		<subfield code="a">حقوق اعادة الطبع محفوظة للشارح.</subfield>
	</datafield>
	<datafield ind1=" " ind2=" " tag="880">
		<subfield code="6">500-05</subfield>
		<subfield code="a">طبع على نفقة المكتبة العربية ببغداد لصاحبها نعمان الاعظمي.</subfield>
	</datafield>
	<datafield ind1=" " ind2=" " tag="880">
		<subfield code="6">500-06</subfield>
		<subfield code="a">Colophon dated: ربيع الاول من سنة اربعين وثلثمائه والف من الهجرة.</subfield>
	</datafield>
	<datafield ind1="1" ind2=" " tag="880">
		<subfield code="6">700-07</subfield>
		<subfield code="a">اثري، محمد بهجة.</subfield>
	</datafield>
	<datafield ind1=" " ind2=" " tag="959">
		<subfield code="a">NNU</subfield>
		<subfield code="b">WEB</subfield>
		<subfield code="c">GENI</subfield>
		<subfield code="t">0</subfield>
		<subfield code="m">Electronic access</subfield>
		<subfield code="s">01</subfield>
	</datafield>
	<datafield ind1=" " ind2=" " tag="999">
		<subfield code="i">UaCaAUL_b12193008</subfield>
		<subfield code="o">(OCoLC)ocm22354936</subfield>
		<subfield code="s">auc_aco000894:</subfield>
		<subfield code="s">auc_aco000894:</subfield>
	</datafield>
</record>
